<?xml version="1.0" encoding="UTF-8"?><collection xmlns="http://www.loc.gov/MARC21/slim"><record><leader>00545nam--2200181-i-4500</leader><controlfield tag="001">000001428</controlfield><controlfield tag="002">20161230</controlfield><controlfield tag="005">20161230201024</controlfield><controlfield tag="008">060222s1000------------r-----000-0-eng-d</controlfield><datafield ind1=" " ind2=" " tag="040"><subfield code="a">IFIN-HH</subfield></datafield><datafield ind1=" " ind2=" " tag="080"><subfield code="a">533.9:537.87</subfield></datafield><datafield ind1="1" ind2=" " tag="100"><subfield code="a">Ginzburg, V.L</subfield></datafield><datafield ind1="1" ind2="0" tag="245"><subfield code="a">The propagation of electromagnetic waves in plasmas</subfield><subfield code="b">Translated by j.b.syskes and r.j. tayler</subfield><subfield code="c">V.l. ginzburg</subfield></datafield><datafield ind1=" " ind2=" " tag="260"><subfield code="a">Oxford, Pergamon Press, 1964</subfield></datafield><datafield ind1=" " ind2=" " tag="300"><subfield code="a">XIX + 535 P</subfield></datafield><datafield ind1=" " ind2=" " tag="490"><subfield code="a">Series On Electromagnetic Waves</subfield></datafield><datafield ind1=" " ind2=" " tag="852"><subfield code="a">77466</subfield><subfield code="c">533.9</subfield></datafield><datafield ind1=" " ind2=" " tag="CAT"><subfield code="a">Sys</subfield><subfield code="c">20101003</subfield><subfield code="h">153117</subfield></datafield></record></collection>